@article{Gluing_BV-BFV,
    title = {{A note on gluing via fiber products in the (classical) BV-BFV formalism}},
    year = {2022},
    author = {Cattaneo, Alberto S. and Mnev, Pavel},
    month = {8},
    url = {http://arxiv.org/abs/2208.11211},
    arxivId = {2208.11211}
}

@book{Algebraic_operands_key_step,
    title = {{Algebraic Operads}},
    year = {2012},
    author = {Loday, Jean-Louis and Vallette, Bruno},
    volume = {346},
    publisher = {Springer Berlin Heidelberg},
    address = {Berlin, Heidelberg},
    isbn = {978-3-642-30361-6},
    doi = {10.1007/978-3-642-30362-3}
}

@article{Mnfd_boundaries,
    title = {{Classical BV theories on manifolds with boundary}},
    year = {2011},
    author = {Cattaneo, Aberto S. and Mnev, Pavel and Reshetikhin, Nicolai},
    month = {12},
    url = {http://arxiv.org/abs/1201.0290 http://dx.doi.org/10.1007/s00220-014-2145-3},
    doi = {10.1007/s00220-014-2145-3},
    arxivId = {1201.0290}
}

@techreport{Musio,
    title = {{Computation of Kontsevich Weights of Connection and Curvature Graphs for Symplectic Poisson Structures}},
    year = {2019},
    author = {Musio, Fabio}
}

@techreport{Binda,
    title = {{Global Gauge Conditions in the Batalin-Vilkovisky Formalism}},
    year = {2020},
    author = {Binda, Raphaël and Moshayedi, Nima and Gaberdiel, Matthias}
}

@techreport{Hom_mirror_trasnfer_lemma,
    title = {{Homological mirror symmetry and torus fibrations}},
    year = {2001},
    author = {Kontsevich, Maxim and Soibelman, Yan}
}

@article{Intro_BV-BFV,
    title = {{Introduction to the BV-BFV formalism}},
    year = {2019},
    author = {Cattaneo, Alberto S. and Moshayedi, Nima},
    month = {5},
    url = {http://arxiv.org/abs/1905.08047 http://dx.doi.org/10.1142/S0129055X2030006X},
    doi = {10.1142/S0129055X2030006X},
    arxivId = {1905.08047}
}

@book{Nima,
    title = {{Kontsevich’s Deformation Quantization and Quantum Field Theory}},
    year = {2022},
    author = {Moshayedi, Nima},
    volume = {2311},
    publisher = {Springer International Publishing},
    address = {Cham},
    isbn = {978-3-031-05121-0},
    doi = {10.1007/978-3-031-05122-7}
}

@article{Lectures,
    title = {{Lectures on Batalin-Vilkovisky formalism and its applications in topological quantum field theory}},
    year = {2017},
    author = {Mnev, Pavel},
    month = {7},
    url = {http://arxiv.org/abs/1707.08096},
    arxivId = {1707.08096}
}

@article{mCME,
    title = {{Perturbative quantum gauge theories on manifolds with boundary}},
    year = {2015},
    author = {Cattaneo, Alberto S. and Mnev, Pavel and Reshetikhin, Nicolai},
    month = {7},
    url = {http://arxiv.org/abs/1507.01221 http://dx.doi.org/10.1007/s00220-017-3031-6},
    doi = {10.1007/s00220-017-3031-6},
    arxivId = {1507.01221}
}